@article{ikeda2018floquet,
  title={Floquet-theoretical formulation and analysis of high-order harmonic generation in solids},
  author={Ikeda, Tatsuhiko N and Chinzei, Koki and Tsunetsugu, Hirokazu},
  journal={Physical Review A},
  volume={98},
  number={6},
  pages={063426},
  year={2018},
  publisher={APS}
}

