@article{galvani2016excitons,
  title={Excitons in boron nitride single layer},
  author={Galvani, Thomas and Paleari, Fulvio and Miranda, Henrique PC and Molina-S{\'a}nchez, Alejandro and Wirtz, Ludger and Latil, Sylvain and Amara, Hakim and Ducastelle, Fran{\c{c}}ois},
  journal={Physical Review B},
  volume={94},
  number={12},
  pages={125303},
  year={2016},
  publisher={APS}
}

@article{silva2019high,
  title={High harmonic generation in crystals using maximally localized Wannier functions},
  author={Silva, REF and Mart{\'\i}n, Fernando and Ivanov, M},
  journal={Physical Review B},
  volume={100},
  number={19},
  pages={195201},
  year={2019},
  publisher={APS}
}

@article{wang2006ab,
  title={Ab initio calculation of the anomalous Hall conductivity by Wannier interpolation},
  author={Wang, Xinjie and Yates, Jonathan R and Souza, Ivo and Vanderbilt, David},
  journal={Physical Review B},
  volume={74},
  number={19},
  pages={195118},
  year={2006},
  publisher={APS}
}

@misc{resta,
  author        = {Raffaele Resta},
  title         = {Geometry and Topologyin Electronic Structure Theory},
  month         = {February},
  year          = {2022},
  note          = {\url{http://www-dft.ts.infn.it/~resta/gtse/draft.pdf}}
}

@misc{wanniertools,
  author        = {WannierTools},
  title         = {WannierTools is an open source based on tight-binding models},
  year          = {2024},
  note          = {\url{https://www.wanniertools.org/theory/tight-binding-model/}}
}


@misc{blount1962solid,
  title={Formalisms of band theory},
  note={in Solid State Physics, edited by F. Seitz and D. Turnbull},
  author={Blount, EI},
  year={1962},
  publisher={Academic Press Inc., New York}
}


@misc{PythTB,
	title="Tight-Binding Formalism in the Context of the PythTB Package",
	author="Yusufaly, Tahir and  Vanderbilt, David and Coh, Sinisa",
	year="2022",
	note={\url{(http://www.physics.rutgers.edu/pythtb}}
}


@article{yue2022introduction,
  title={Introduction to theory of high-harmonic generation in solids: tutorial},
  author={Yue, Lun and Gaarde, Mette B},
  journal={JOSA B},
  volume={39},
  number={2},
  pages={535--555},
  year={2022},
  publisher={Optica Publishing Group}
}

@article{souza2004dynamics,
  title={Dynamics of Berry-phase polarization in time-dependent electric fields},
  author={Souza, Ivo and {\'I}niguez, Jorge and Vanderbilt, David},
  journal={Physical Review B},
  volume={69},
  number={8},
  pages={085106},
  year={2004},
  publisher={APS}
}

@article{resta1994macroscopic,
  title={Macroscopic polarization in crystalline dielectrics: the geometric phase approach},
  author={Resta, Raffaele},
  journal={Reviews of modern physics},
  volume={66},
  number={3},
  pages={899},
  year={1994},
  publisher={APS}
}

